% As an open-source project, CADET relies on the support and recognition from users and researchers to thrive.
% Therefore, we kindly ask that any publications or projects leveraging the capabilities of CADET acknowledge its creators and their contributions by citing an adequate selection of our publications.

% General:

@article{Leweke:2018,
author = {Leweke, S. and von Lieres, E.},
title = {Chromatography Analysis and Design Toolkit (CADET)},
journal = {Computers and Chemical Engineering},
volume = {113},
year = {2018},
pages = {274–294},
doi = {10.1016/j.compchemeng.2018.02.025},
url = {https://doi.org/10.1016/j.compchemeng.2018.02.025}
}

@article{vonLieres:2010,
author = {von Lieres, E. and Andersson, J.},
title = {A fast and accurate solver for the general rate model of column liquid chromatography},
journal = {Computers and Chemical Engineering},
volume = {34},
number = {8},
year = {2010},
pages = {1180–1191},
doi = {10.1016/j.compchemeng.2010.03.008},
url = {https://doi.org/10.1016/j.compchemeng.2010.03.008}
}

% DG discretization of transport models:

@article{Breuer:2023,
author = {Breuer, J. and Leweke, S. and Schmölder, J. and Gassner, G. and von Lieres, E.},
title = {Spatial discontinuous Galerkin spectral element method for a family of chromatography models in CADET},
journal = {Computers and Chemical Engineering},
volume = {177},
year = {2023},
pages = {108340},
doi = {10.1016/j.compchemeng.2023.108340},
url = {https://doi.org/10.1016/j.compchemeng.2023.108340}
}

% Crystallization:

@article{Zhang1:2024,
author = {Zhang, Wendi and Przybycien, Todd and Schmölder, Johannes and Leweke, Samuel and von Lieres, Eric},
title = {Solving crystallization/precipitation population balance models in {CADET}, part {I}: {Nucleation} growth and growth rate dispersion in batch and continuous modes on nonuniform grids},
journal = {Computers and Chemical Engineering},
volume = {183},
year = {2024},
pages = {108612},
doi = {10.1016/j.compchemeng.2024.108612},
url = {https://doi.org/10.1016/j.compchemeng.2024.108612}
}

% Parameter sensitivities

@article{Puttmann:2013,
title = {Fast and accurate parameter sensitivities for the general rate model of column liquid chromatography},
journal = {Computers & Chemical Engineering},
volume = {56},
pages = {46-57},
year = {2013},
issn = {0098-1354},
doi = {https://doi.org/10.1016/j.compchemeng.2013.04.021},
url = {https://www.sciencedirect.com/science/article/pii/S0098135413001440},
author = {Andreas Püttmann and Sebastian Schnittert and Uwe Naumann and Eric {von Lieres}}
}