% GENERAL CADET-CORE REFERENCES

@article{Leweke2018CADET,
  author       = {Leweke, Samuel and von Lieres, Eric},
  year         = {2018},
  doi          = {10.1016/j.compchemeng.2018.02.025},
  issn         = {0098-1354},
  journal = {Computers & Chemical Engineering},
  keywords     = {Column liquid chromatography,General rate model,Modeling and simulation platform,Model calibration,Process analysis and design,Statistical analysis,Experimental design},
  pages        = {274--294},
  title        = {Chromatography Analysis and Design Toolkit (CADET)},
  volume       = {113},
}

@article{VonLieres2010a,
  author       = {von Lieres, Eric and Andersson, Joel},
  year         = {2010-08},
  doi          = {10.1016/j.compchemeng.2010.03.008},
  issn         = {00981354},
  journal = {Computers {\&} Chemical Engineering},
  number       = {8},
  pages        = {1180--1191},
  title        = {{A fast and accurate solver for the general rate model of column liquid chromatography}},
  volume       = {34},
}

% CADET-CORE MAJOR EXTENSIONS

@article{Zhang2025,
  author       = {Zhang, Wendi and Przybycien, Todd and Breuer, Jan Michael and von Lieres, Eric},
  year         = {2025},
  doi          = {10.1016/j.compchemeng.2024.108860},
  issn         = {0098-1354},
  journal = {Computers & Chemical Engineering},
  pages        = {108860},
  title        = {Solving crystallization/precipitation population balance models in CADET, Part II: Size-based Smoluchowski coagulation and fragmentation equations in batch and continuous modes},
  volume       = {192},
}

@article{Zhang2024,
  author       = {Zhang, Wendi and Przybycien, Todd and Schmölder, Johannes and Leweke, Samuel and von Lieres, Eric},
  publisher    = {Elsevier},
  year         = {2024},
  doi          = {10.1016/j.compchemeng.2024.108612},
  journal = {Computers \& Chemical Engineering},
  pages        = {108612},
  title        = {Solving crystallization/precipitation population balance models in CADET, part I: Nucleation growth and growth rate dispersion in batch and continuous modes on nonuniform grids},
}

@article{Breuer2023,
  author       = {Breuer, Jan Michael and Leweke, Samuel and Schmölder, Johannes and Gassner, Gregor and {von Lieres}, Eric},
  year         = {2023},
  doi          = {10.1016/j.compchemeng.2023.108340},
  issn         = {0098-1354},
  journal = {Computers \& Chemical Engineering},
  pages        = {108340},
  title        = {Spatial discontinuous Galerkin spectral element method for a family of chromatography models in CADET},
  volume       = {177},
}

@article{Puttmann2013,
  author       = {Püttmann, Andreas and Schnittert, Sebastian and Naumann, Uwe and von Lieres, Eric},
  year         = {2013-09},
  doi          = {10.1016/j.compchemeng.2013.04.021},
  issn         = {00981354},
  journal = {Computers {\&} Chemical Engineering},
  pages        = {46--57},
  title        = {{Fast and accurate parameter sensitivities for the general rate model of column liquid chromatography}},
  volume       = {56},
}

@article{Puttmann2016,
  author       = {Püttmann, Andreas and Schnittert, Sebastian and Leweke, Samuel and von Lieres, Eric},
  year         = {2016-01},
  doi          = {10.1016/j.ces.2015.08.050},
  issn         = {00092509},
  journal = {Chemical Engineering Science},
  pages        = {152--162},
  title        = {{Utilizing algorithmic differentiation to efficiently compute chromatograms and parameter sensitivities}},
  volume       = {139},
}

% CADET OTHER SOFTWARE

@article{Schmoelder2020,
  author       = {Schmölder, Johannes and Kaspereit, Malte},
  year         = {2020},
  doi          = {10.3390/pr8010065},
  journal = {Processes},
  number       = {1},
  pages        = {65},
  title        = {A {{Modular Framework}} for the {{Modelling}} and {{Optimization}} of {{Advanced Chromatographic Processes}}},
  volume       = {8},
}

@article{Heymann2022,
  author       = {Heymann, William and Glaser, Juliane and Schlegel, Fabrice and Johnson, Will and Rolandi, Pablo and {von Lieres}, Eric},
  year         = {2022},
  doi          = {https://doi.org/10.1016/j.chroma.2021.462693},
  issn         = {0021-9673},
  journal = {Journal of Chromatography A},
  pages        = {462693},
  title        = {Advanced score system and automated search strategies for parameter estimation in mechanistic chromatography modeling},
  volume       = {1661},
}

% CADET-CORE SELECTED USE-CASES

@article{Jaepel2022,
  author       = {Jäpel, Ronald Colin and Buyel, Johannes Felix},
  year         = {2022},
  doi          = {10.1016/j.chroma.2022.463408},
  issn         = {0021-9673},
  journal = {Journal of Chromatography A},
  pages        = {463408},
  title        = {Bayesian optimization using multiple directional objective functions allows the rapid inverse fitting of parameters for chromatography simulations},
  volume       = {1679},
}

@article{Jaepel2025,
  author       = {Jäpel, Ronald Colin and Knödler, Matthias and {von Lieres}, Eric and Buyel, Johannes Felix},
  year         = {2025},
  doi          = {10.1016/j.chroma.2025.466095},
  issn         = {0021-9673},
  journal = {Journal of Chromatography A},
  pages        = {466095},
  title        = {Hydrophobic interaction chromatography (HIC) isotherm incorporating salt-dependent water activity enhances model-based analysis of protein elution profiles},
  volume       = {1756},
}

@article{Diedrich2017,
  author       = {Diedrich, Juliane and Heymann, William and Leweke, Samuel and Hunt, Stephen and Todd, Robert and Kunert, Christian and Johnson, Will and {von Lieres}, Eric},
  year         = {2017},
  doi          = {10.1016/j.chroma.2017.09.039},
  issn         = {0021-9673},
  journal = {Journal of Chromatography A},
  pages        = {60--70},
  title        = {Multi-state steric mass action model and case study on complex high loading behavior of mAb on ion exchange tentacle resin},
  volume       = {1525},
}

% BIBLIOGRAPHY OF FURTHER REFERENCES

% CADET authors

@article{Leweke2016a,
  author       = {Leweke, Samuel and von Lieres, Eric},
  url          = {http://linkinghub.elsevier.com/retrieve/pii/S009813541500304X},
  year         = {2016-01},
  doi          = {10.1016/j.compchemeng.2015.09.009},
  issn         = {00981354},
  journal = {Computers {\&} Chemical Engineering},
  pages        = {350--362},
  title        = {{Fast arbitrary order moments and arbitrary precision solution of the general rate model of column liquid chromatography with linear isotherm}},
  volume       = {84},
}

@phdthesis{leweke_unified_2021,
	address = {Aachen},
	type = {Dissertation},
	title = {Unified modeling and efficient simulation of chromatographic separation processes},
	url = {https://publications.rwth-aachen.de/record/840314},
	school = {Rheinisch-Westfälische Technische Hochschule Aachen},
	author = {Leweke, Samuel},
	year = {2021},
	doi = {10.18154/RWTH-2022-01184},
	annote = {Veröffentlicht auf dem Publikationsserver der RWTH Aachen University 2022; Dissertation, Rheinisch-Westfälische Technische Hochschule Aachen, 2021},
	file = {Attachment:/home/jo/Dokumente/Zotero/storage/WISV8KQF/Leweke2021 - Unified Modeling and Efficient Simulation of Chromatographic Separation Processes.pdf:application/pdf},
}

@inproceedings{VonLieres2010b,
  author    = {von Lieres, E},
  booktitle = {American Institute of Physics Conference Series},
  year      = {2010-09},
  doi       = {10.1063/1.3497788},
  pages     = {1004--1007},
  series    = {American Institute of Physics Conference Series},
  title     = {{Chromatography Models with Langmuir and Steric Mass Action Adsorption Isotherms are of Differential Index One}},
  volume    = {1281},
}

@misc{Lanzrath2024,
  author    = {Lanzrath, Hannah and von Lieres, Eric and Metzner, Ralf and Huber, Gregor Johannes},
  location  = {Rochester, NY},
  publisher = {Social Science Research Network},
  year      = {2024-09},
  doi       = {10.2139/ssrn.4957804},
  title     = {Analyzing {Time} {Activity} {Curves} from {Spatio}-{Temporal} {Tracer} {Data} to {Determine} {Tracer} {Transport} {Velocity} in {Plants}},
  type      = {{SSRN} {Scholarly} {Paper}},
}

@article{He2018,
  author       = {He, Qiao-Le and Leweke, Samuel and {von Lieres}, Eric},
  year         = {2018},
  doi          = {https://doi.org/10.1016/j.compchemeng.2017.12.022},
  issn         = {0098-1354},
  journal = {Computers & Chemical Engineering},
  pages        = {183--198},
  title        = {Efficient numerical simulation of simulated moving bed chromatography with a single-column solver},
  volume       = {111},
}

%Other authors

@book{Deuflhard2011,
  author    = {Deuflhard, Peter},
  location  = {Berlin, Heidelberg},
  publisher = {Springer Berlin Heidelberg},
  url       = {http://link.springer.com/10.1007/978-3-642-23899-4},
  year      = {2011},
  doi       = {10.1007/978-3-642-23899-4},
  isbn      = {978-3-642-23898-7},
  series    = {Springer Series in Computational Mathematics},
  title     = {{Newton Methods for Nonlinear Problems}},
  volume    = {35},
}

@book{Gu1995,
  author    = {Gu, Tingyue},
  location  = {Berlin, Heidelberg},
  publisher = {Springer Berlin Heidelberg},
  url       = {http://link.springer.com/10.1007/978-3-642-79541-1},
  year      = {1995},
  doi       = {10.1007/978-3-642-79541-1},
  isbn      = {978-3-642-79543-5},
  title     = {{Mathematical Modeling and Scale-up of Liquid Chromatography}},
}

@book{Guiochon2006,
  author    = {Guiochon, Georges and Felinger, Attila and Shirazi, Dean G. and Katti, Anita M.},
  location  = {Amsterdam},
  publisher = {Elsevier Academic Press},
  year      = {2006},
  edition   = {2nd},
  isbn      = {978-0-12-370537-2},
  pages     = {990},
  title     = {{Fundamentals of Preparative and Nonlinear Chromatography}},
}

@article{Danckwerts1953,
  author       = {Danckwerts, P.V.},
  url          = {http://linkinghub.elsevier.com/retrieve/pii/0009250953800011},
  year         = {1953-02},
  doi          = {10.1016/0009-2509(53)80001-1},
  issn         = {00092509},
  journal = {Chemical Engineering Science},
  number       = {1},
  pages        = {1--13},
  title        = {{Continuous flow systems: Distribution of residence times}},
  volume       = {2},
}

@article{Felinger2004,
  author       = {Felinger, A. and Guiochon, G.},
  url          = {http://springerlink.metapress.com/openurl.asp?genre=article{\&}id=doi:10.1365/s10337-004-0288-7},
  year         = {2004-05},
  doi          = {10.1365/s10337-004-0288-7},
  file         = {::},
  issn         = {0009-5893},
  journal = {Chromatographia},
  number       = {S1},
  pages        = {175--180},
  title        = {{Comparison of the Kinetic Models of Linear Chromatography}},
  volume       = {60},
}

@article{Jiang1996,
  author       = {Jiang, Guang-Shan and Shu, Chi-Wang},
  url          = {http://www.sciencedirect.com/science/article/pii/S0021999196901308},
  year         = {1996},
  doi          = {http://dx.doi.org/10.1006/jcph.1996.0130},
  issn         = {0021-9991},
  journal = {Journal of Computational Physics},
  number       = {1},
  pages        = {202--228},
  title        = {Efficient Implementation of Weighted \{ENO\} Schemes},
  volume       = {126},
}

@article{Liu1994,
  author       = {Liu, Xu-Dong and Osher, Stanley and Chan, Tony},
  url          = {http://www.sciencedirect.com/science/article/pii/S0021999184711879},
  year         = {1994},
  doi          = {http://dx.doi.org/10.1006/jcph.1994.1187},
  issn         = {0021-9991},
  journal = {Journal of Computational Physics},
  number       = {1},
  pages        = {200--212},
  title        = {Weighted Essentially Non-oscillatory Schemes},
  volume       = {115},
}

@article{Langmuir1916,
  author       = {Langmuir, Irving},
  url          = {http://pubs.acs.org/doi/abs/10.1021/ja02268a002},
  year         = {1916-11},
  doi          = {10.1021/ja02268a002},
  issn         = {0002-7863},
  journal = {Journal of the American Chemical Society},
  number       = {11},
  pages        = {2221--2295},
  title        = {{The Constitution and Fundamental Properties of Solids and Liquids. Part I. Solids}},
  volume       = {38},
}

@article{Clark2007,
  author       = {Clark, Alison J. and Kotlicki, Andrzej and Haynes, Charles A. and Whitehead, Lorne A.},
  url          = {http://pubs.acs.org/doi/abs/10.1021/la0635350},
  year         = {2007-05},
  doi          = {10.1021/la0635350},
  issn         = {0743-7463},
  journal = {Langmuir},
  number       = {10},
  pages        = {5591--5600},
  title        = {{A New Model of Protein Adsorption Kinetics Derived from Simultaneous Measurement of Mass Loading and Changes in Surface Energy}},
  volume       = {23},
}

@article{Brooks1992,
  author       = {Brooks, Clayton A. and Cramer, Steven M.},
  url          = {http://doi.wiley.com/10.1002/aic.690381212},
  year         = {1992-12},
  doi          = {10.1002/aic.690381212},
  issn         = {0001-1541},
  journal = {AIChE Journal},
  number       = {12},
  pages        = {1969--1978},
  title        = {{Steric mass-action ion exchange: Displacement profiles and induced salt gradients}},
  volume       = {38},
}

@article{Westerberg2012,
  author       = {Westerberg, K. and {Broberg Hansen}, E. and Degerman, M. and {Budde Hansen}, T. and Nilsson, B.},
  url          = {http://doi.wiley.com/10.1002/ceat.201000560},
  year         = {2012-01},
  doi          = {10.1002/ceat.201000560},
  issn         = {09307516},
  journal = {Chemical Engineering \& Technology},
  number       = {1},
  pages        = {183--190},
  title        = {{Model-Based Process Challenge of an Industrial Ion-Exchange Chromatography Step}},
  volume       = {35},
}

@article{Mollerup2006,
  author       = {Mollerup, Jørgen M.},
  year         = {2006},
  doi          = {10.1016/j.fluid.2005.12.037},
  issn         = {0378-3812},
  journal = {Fluid Phase Equilibria},
  number       = {1},
  pages        = {205-215},
  title        = {Applied thermodynamics: A new frontier for biotechnology},
  volume       = {241},
}

@article{Mollerup2008,
  author       = {Mollerup, Jørgen M.},
  url          = {http://doi.wiley.com/10.1002/ceat.200800082},
  year         = {2008-06},
  doi          = {10.1002/ceat.200800082},
  issn         = {09307516},
  journal = {Chemical Engineering \& Technology},
  number       = {6},
  pages        = {864--874},
  title        = {{A Review of the Thermodynamics of Protein Association to Ligands, Protein Adsorption, and Adsorption Isotherms}},
  volume       = {31},
}

@article{Deitcher2010,
  author       = {Deitcher, R.W. and Rome, J.E. and Gildea, P.A. and O’Connell, J.P. and Fernandez, E.J.},
  year         = {2010},
  doi          = {10.1016/j.chroma.2009.07.068},
  issn         = {0021-9673},
  journal      = {Journal of Chromatography A},
  number       = {2},
  pages        = {199-208},
  title        = {A new thermodynamic model describes the effects of ligand density and type, salt concentration and protein species in hydrophobic interaction chromatography},
  volume       = {1217},
}

@article{Karlsson2004,
  author       = {Karlsson, David and Jakobsson, Niklas and Axelsson, Anders and Nilsson, Bernt},
  url          = {http://linkinghub.elsevier.com/retrieve/pii/S0021967304014554},
  year         = {2004-11},
  doi          = {10.1016/j.chroma.2004.08.151},
  issn         = {00219673},
  journal = {Journal of Chromatography A},
  number       = {1-2},
  pages        = {29--39},
  title        = {{Model-based optimization of a preparative ion-exchange step for antibody purification}},
  volume       = {1055},
}

@article{Melander1989,
  author       = {Melander, Wayne R. and {El Rassi}, Ziad and Horváth, Csaba},
  url          = {http://linkinghub.elsevier.com/retrieve/pii/S0021967301964374},
  year         = {1989-01},
  doi          = {10.1016/S0021-9673(01)96437-4},
  issn         = {00219673},
  journal = {Journal of Chromatography A},
  pages        = {3--27},
  title        = {{Interplay of hydrophobic and electrostatic interactions in biopolymer chromatography}},
  volume       = {469},
}

@article{Kumar2015,
  author       = {Kumar, Vijesh and Leweke, Samuel and von Lieres, Eric and Rathore, Anurag S.},
  url          = {http://linkinghub.elsevier.com/retrieve/pii/S0021967315016908},
  year         = {2015-12},
  doi          = {10.1016/j.chroma.2015.11.062},
  issn         = {00219673},
  journal = {Journal of Chromatography A},
  pages        = {140--153},
  title        = {{Mechanistic modeling of ion-exchange process chromatography of charge variants of monoclonal antibody products}},
  volume       = {1426},
}

@article{Hindmarsh2005,
  author       = {Hindmarsh, Alan C. and Brown, Peter N. and Grant, Keith E. and Lee, Steven L. and Serban, Radu and Shumaker, Dan E. and Woodward, Carol S.},
  url          = {http://portal.acm.org/citation.cfm?doid=1089014.1089020},
  year         = {2005-09},
  doi          = {10.1145/1089014.1089020},
  issn         = {00983500},
  journal = {ACM Transactions on Mathematical Software},
  number       = {3},
  pages        = {363--396},
  title        = {{SUNDIALS: Suite of nonlinear and differential/algebraic equation solvers}},
  volume       = {31},
}

@book{Schmidt-Traub2012,
  editor    = {Schmidt-Traub, Henner and Schulte, Michael and Seidel-Morgenstern, Andreas},
  location  = {Weinheim, Germany},
  publisher = {Wiley-VCH Verlag GmbH \& Co. KGaA},
  url       = {http://doi.wiley.com/10.1002/9783527649280},
  year      = {2012-09},
  doi       = {10.1002/9783527649280},
  edition   = {2nd},
  isbn      = {9783527649280},
  title     = {{Preparative Chromatography}},
}

@article{Schneider1968a,
  author       = {Schneider, Petr and Smith, J. M.},
  url          = {http://doi.wiley.com/10.1002/aic.690140613},
  year         = {1968-11},
  doi          = {10.1002/aic.690140613},
  issn         = {0001-1541},
  journal = {AIChE Journal},
  number       = {6},
  pages        = {886--895},
  title        = {{Chromatographic study of surface diffusion}},
  volume       = {14},
}

@article{Ma1996,
  author       = {Ma, Z. and Whitley, R. D. and Wang, N.-H. L.},
  url          = {http://doi.wiley.com/10.1002/aic.690420507},
  year         = {1996-05},
  doi          = {10.1002/aic.690420507},
  issn         = {0001-1541},
  journal = {AIChE Journal},
  number       = {5},
  pages        = {1244--1262},
  title        = {{Pore and surface diffusion in multicomponent adsorption and liquid chromatography systems}},
  volume       = {42},
}

@article{Miyabe2007,
  author       = {Miyabe, Kanji},
  url          = {http://www.ncbi.nlm.nih.gov/pubmed/17825832},
  year         = {2007-10},
  doi          = {10.1016/j.chroma.2007.08.045},
  issn         = {0021-9673},
  journal = {Journal of Chromatography A},
  number       = {2},
  pages        = {161--70},
  title        = {{Surface diffusion in reversed-phase liquid chromatography using silica gel stationary phases of different C1 and C18 ligand densities.}},
  volume       = {1167},
}

@article{Pearson1959,
  author       = {Pearson, J.R.A.},
  url          = {http://linkinghub.elsevier.com/retrieve/pii/0009250959800634},
  year         = {1959-06},
  doi          = {10.1016/0009-2509(59)80063-4},
  issn         = {00092509},
  journal = {Chemical Engineering Science},
  number       = {4},
  pages        = {281--284},
  title        = {{A note on the ``Danckwerts'' boundary conditions for continuous flow reactors}},
  volume       = {10},
}

@article{Kucera1965,
  author       = {Kučera, Eugene},
  url          = {http://linkinghub.elsevier.com/retrieve/pii/S0021967301994579},
  year         = {1965-01},
  doi          = {10.1016/S0021-9673(01)99457-9},
  issn         = {00219673},
  journal = {Journal of Chromatography},
  pages        = {237--248},
  title        = {{Contribution to the theory of chromatography}},
  volume       = {19},
}

@article{Saska1992,
  author       = {Saska, M. and Wu, Mei Di and Clarke, S. J. and Iqbal, K.},
  url          = {http://www.tandfonline.com/doi/abs/10.1080/01496399208019442},
  year         = {1992-10},
  doi          = {10.1080/01496399208019442},
  issn         = {0149-6395},
  journal = {Separation Science and Technology},
  number       = {13},
  pages        = {1711--1732},
  title        = {{Continuous Separation of Sugarcane Molasses with a Simulated Moving-Bed Adsorber. Adsorption Equilibria, Kinetics, and Application}},
  volume       = {27},
}

@article{Feehery1997,
  author       = {Feehery, William F. and Tolsma, John E. and Barton, Paul I.},
  url          = {http://dl.acm.org/citation.cfm?id=264193.264573},
  year         = {1997-10},
  doi          = {10.1016/S0168-9274(97)00050-0},
  issn         = {01689274},
  journal = {Applied Numerical Mathematics},
  number       = {1},
  pages        = {41--54},
  title        = {{Efficient sensitivity analysis of large-scale differential-algebraic systems}},
  volume       = {25},
}

@article{Huuk2017,
  author       = {Huuk, Thiemo C. and Hahn, Tobias and Doninger, Katharina and Griesbach, Jan and Hepbildikler, Stefan and Hubbuch, Jürgen},
  url          = {http://doi.wiley.com/10.1002/biot.201600336},
  year         = {2017-03},
  doi          = {10.1002/biot.201600336},
  issn         = {18606768},
  journal = {Biotechnology Journal},
  number       = {3},
  pages        = {1600336},
  title        = {{Modeling of complex antibody elution behavior under high protein load densities in ion exchange chromatography using an asymmetric activity coefficient}},
  volume       = {12},
}

@article{Alpay1992,
  author       = {Alpay, E. and Scott, D.M.},
  url          = {https://www.sciencedirect.com/science/article/pii/000925099280041A},
  year         = {1992},
  doi          = {https://doi.org/10.1016/0009-2509(92)80041-A},
  issn         = {0009-2509},
  journal = {Chemical Engineering Science},
  number       = {2},
  pages        = {499--502},
  title        = {The linear driving force model for fast-cycle adsorption and desorption in a spherical particle},
  volume       = {47},
}

@incollection{Singh2016,
  author    = {Singh, Ashok K.},
  editor    = {Singh, Ashok K.},
  location  = {Boston},
  publisher = {Academic Press},
  url       = {https://www.sciencedirect.com/science/article/pii/B978012801406600008X},
  booktitle = {Engineered Nanoparticles},
  year      = {2016},
  doi       = {https://doi.org/10.1016/B978-0-12-801406-6.00008-X},
  isbn      = {978-0-12-801406-6},
  keywords  = {Anthropogenic sphere,Atmosphere,Biosphere,Climate,Environment,Fate of nanoparticles,Human activity,Hydrosphere,Lithosphere,Man made,Nanoparticles,Nanotoxicology,Natural},
  pages     = {343--450},
  title     = {Chapter 8 - Nanoparticle Ecotoxicology},
}

@article{Benedikt2019,
  author       = {Aumeier, Benedikt M. and Dang, Anh H. Q. and Ohs, Burkhard and Yüce, Süleyman and Wessling, Matthias},
  url          = {https://doi.org/10.1021/acs.est.8b05873},
  year         = {2019},
  doi          = {10.1021/acs.est.8b05873},
  eprint       = {https://doi.org/10.1021/acs.est.8b05873},
  journal = {Environmental Science \& Technology},
  number       = {2},
  pages        = {919--927},
  title        = {Aqueous-Phase Temperature Swing Adsorption for Pesticide Removal},
  volume       = {53},
}

@article{Wang2016,
  author       = {Wang, Gang and Hahn, Tobias and Hubbuch, Jürgen},
  url          = {https://www.sciencedirect.com/science/article/pii/S0021967316310263},
  year         = {2016},
  doi          = {https://doi.org/10.1016/j.chroma.2016.07.085},
  issn         = {0021-9673},
  journal = {Journal of Chromatography A},
  pages        = {71--78},
  title        = {Water on hydrophobic surfaces: Mechanistic modeling of hydrophobic interaction chromatography},
  volume       = {1465},
}

@book{Kopriva2009,
  author     = {Kopriva, David A.},
  location   = {Dordrecht},
  publisher  = {Springer Netherlands},
  url        = {http://link.springer.com/10.1007/978-90-481-2261-5},
  year       = {2009},
  doi        = {https://doi.org/10.1007/978-90-481-2261-5},
  isbn       = {978-90-481-2260-8 978-90-481-2261-5},
  series     = {Scientific {Computation}},
  shorttitle = {Implementing {Spectral} {Methods} for {Partial} {Differential} {Equations}},
  title      = {Implementing {Spectral} {Methods} for {Partial} {Differential} {Equations}: {Algorithms} for {Scientists} and {Engineers}},
  urlyear    = {2024-01-12},
}

@article{Buehler2014,
  author       = {Bühler, Jonas and {von Lieres}, Eric and Huber, Gregor},
  url          = {https://www.sciencedirect.com/science/article/pii/S0022519313004530},
  year         = {2014},
  doi          = {https://doi.org/10.1016/j.jtbi.2013.09.023},
  issn         = {0022-5193},
  journal = {Journal of Theoretical Biology},
  keywords     = {Mechanistic modeling,Model filter,Model selection,Phloem transport,PET data analysis},
  pages        = {131--142},
  title        = {A class of compartmental models for long-distance tracer transport in plants},
  volume       = {341},
}

@article{Morley2020,
  author       = {Morley, Raena and Minceva, Mirjana},
  url          = {https://www.sciencedirect.com/science/article/pii/S0021967319308659},
  year         = {2020},
  doi          = {https://doi.org/10.1016/j.chroma.2019.460479},
  issn         = {0021-9673},
  journal = {Journal of Chromatography A},
  keywords     = {Countercurrent chromatography,Centrifugal partition chromatography,Short-cut model,Continuous chromatography,Operating parameters,Dual mode},
  pages        = {460479},
  title        = {Operating mode and parameter selection in liquid–liquid chromatography},
  volume       = {1617},
}

@article{Xu2009,
  author       = {Xu, Xuankuo and Lenhoff, Abraham M.},
  url          = {https://www.sciencedirect.com/science/article/pii/S0021967309010103},
  year         = {2009},
  doi          = {https://doi.org/10.1016/j.chroma.2009.06.082},
  issn         = {0021-9673},
  journal = {Journal of Chromatography A},
  keywords     = {Protein adsorption isotherms,Competitive adsorption,Protein–surface interactions,Protein–protein interactions,Colloidal interactions,Ion-exchange chromatography},
  number       = {34},
  pages        = {6177--6195},
  title        = {Binary adsorption of globular proteins on ion-exchange media},
  volume       = {1216},
}

@article{sips1948,
  author       = {Sips, Robert},
  year         = {1948-05},
  doi          = {https://doi.org/10.1063/1.1746922},
  issn         = {0021-9606},
  journal = {The Journal of Chemical Physics},
  number       = {5},
  pages        = {490--495},
  title        = {On the {Structure} of a {Catalyst} {Surface}},
  volume       = {16},
}

@article{Zhang2025ACT,
  author       = {Zhang, Wendi and DiNenna, Virginia and Przybycien, Todd},
  year         = {2025},
  doi          = {10.1002/bit.29035},
  issn         = {0098-1354},
  journal = {Biotechnology and Bioengineering},
  pages        = {108860},
  title        = {An Affinity Complex Titration Isotherm for Mechanistic Modeling in Protein A Chromatography},
  volume       = {192},
}