@article{Breuer:2023,
author = {Breuer, J. and Leweke, S. and Schmölder, J. and Gassner, G. and {von Lieres}, E.},
title = {Spatial discontinuous Galerkin spectral element method for a family of chromatography models in CADET},
journal = {Computers and Chemical Engineering},
volume = {177},
year = {2023},
pages = {108340},
doi = {10.1016/j.compchemeng.2023.108340},
url = {https://doi.org/10.1016/j.compchemeng.2023.108340}
}

@article{Schmoelder:2020,
author = {Schmölder, J. and Kaspereit, M.},
title = {A modular framework for the modelling and optimization of advanced chromatographic processes},
journal = {Processes},
volume = {8},
year = {2020},
pages = {65},
doi = {10.3390/pr8010065},
url = {https://doi.org/10.3390/pr8010065}
}

@article{Leweke:2018,
author = {Leweke, S. and {von Lieres}, E.},
title = {Chromatography Analysis and Design Toolkit (CADET)},
journal = {Computers and Chemical Engineering},
volume = {113},
year = {2018},
pages = {274–294},
doi = {10.1016/j.compchemeng.2018.02.025},
url = {https://doi.org/10.1016/j.compchemeng.2018.02.025}
}

@article{Puttmann:2016,
author = {Püttmann, A. and Schnittert, S. and Leweke, S. and {von Lieres}, E.},
title = {Utilizing algorithmic differentiation to efficiently compute chromatograms and parameter sensitivities},
journal = {Chemical Engineering Science},
volume = {139},
year = {2016},
pages = {152–162},
doi = {10.1016/j.ces.2015.08.050},
url = {https://doi.org/10.1016/j.ces.2015.08.050}
}

@article{vonLieres:2010,
author = {{von Lieres}, E. and Andersson, J.},
title = {A fast and accurate solver for the general rate model of column liquid chromatography},
journal = {Computers and Chemical Engineering},
volume = {34},
number = {8},
year = {2010},
pages = {1180–1191},
doi = {10.1016/j.compchemeng.2010.03.008},
url = {https://doi.org/10.1016/j.compchemeng.2010.03.008}
}

@article{Zhang1:2024,
author = {Zhang, Wendi and Przybycien, Todd and Schmölder, Johannes and Leweke, Samuel and {von Lieres}, Eric},
title = {Solving crystallization/precipitation population balance models in {CADET}, part {I}: {Nucleation} growth and growth rate dispersion in batch and continuous modes on nonuniform grids},
journal = {Computers and Chemical Engineering},
volume = {183},
year = {2024},
pages = {108612},
doi = {10.1016/j.compchemeng.2024.108612},
url = {https://doi.org/10.1016/j.compchemeng.2024.108612}
}

@article{Lanzrath:2024,
author = {Lanzrath, Hannah and {von Lieres}, Eric and Metzner, Ralf and Huber, Gregor Johannes},
title = {Analyzing Time Activity Curves from Spatio-Temporal Tracer Data to Determine Tracer Transport Velocity in Plants},
journal = {Mathematical Biosciences},
volume = {383},
year = {2025},
pages = {109430},
doi = {10.1016/j.mbs.2025.109430},
url = {https://doi.org/10.1016/j.mbs.2025.109430}
}

@article{LeBarre:2024,
author = {LeBarre, Jacob P. and Chu, Wenning and Altern, Scott H. and Kocot, Andrew J. and Bhandari, Dipendra and Barbieri, Eduardo and Sly, Jae and Crapanzano, Michael and Cramer, Steven M. and Phillips, Michael and Roush, David and Carbonell, Ruben and Boi, Cristiana and Menegatti, Stefano},
title = {Mixed-mode size-exclusion silica resin for polishing human antibodies in flow-through mode},
journal = {Journal of Chromatography A},
volume = {1720},
year = {2024},
pages = {464772},
doi = {10.1016/j.chroma.2024.464772},
url = {https://doi.org/10.1016/j.chroma.2024.464772}
}

@article{LorenzCristea:2024,
author = {Lorenz-Cristea, Oliver and Wiebe, Angela and Thoma, Judith and Veelders, Maik and Briskot, Till and Kluters, Simon and Wang, Gang and Saleh, David and Rischawy, Federico},
title = {A systematic approach for estimating colloidal particle adsorption model parameters},
journal = {Journal of Chromatography A},
volume = {1720},
year = {2024},
pages = {465512},
doi = {10.1016/j.chroma.2024.465512},
url = {https://doi.org/10.1016/j.chroma.2024.465512}
}

@article{Altern:2024,
author = {Altern, Scott H. and Lyall, Jessica Y. and Welsh, John P. and Burgess, Sean and Kumar, Vijesh and Williams, Chris and Lenhoff, Abraham M. and Cramer, Steven M.},
title = {High-throughput in silico workflow for optimization and characterization of multimodal chromatographic processes},
journal = {Biotechnology Progress},
year = {2024},
pages = {e3483},
doi = {10.1002/btpr.3483},
url = {https://doi.org/10.1002/btpr.3483}
}

